<?xml version="1.0" encoding="UTF-8"?><collection xmlns="http://www.loc.gov/MARC21/slim"><record><leader>00558nam--2200181-i-4500</leader><controlfield tag="001">000041332</controlfield><controlfield tag="002">20161230</controlfield><controlfield tag="005">20161230201043</controlfield><controlfield tag="008">060222s1000------------r-----000-0-eng-d</controlfield><datafield ind1=" " ind2=" " tag="040"><subfield code="a">IFIN-HH</subfield></datafield><datafield ind1=" " ind2=" " tag="080"><subfield code="a">621.3(038)+590+3</subfield></datafield><datafield ind1="1" ind2=" " tag="100"><subfield code="a">Schattner, Friedrich</subfield></datafield><datafield ind1="1" ind2="0" tag="245"><subfield code="a">Dictionar de electronica, electrotehnica, telecomunicatii, cibernetica si automatica roman-german</subfield><subfield code="c">Friederich schattner, serine fainaru</subfield></datafield><datafield ind1=" " ind2=" " tag="260"><subfield code="a">Bucuresti</subfield><subfield code="b">Editura Tehnica</subfield><subfield code="c">1979</subfield></datafield><datafield ind1=" " ind2=" " tag="300"><subfield code="a">816 P</subfield></datafield><datafield ind1="1" ind2=" " tag="700"><subfield code="a">Fainaru, Serine</subfield></datafield><datafield ind1=" " ind2=" " tag="852"><subfield code="a">D.385</subfield></datafield><datafield ind1=" " ind2=" " tag="CAT"><subfield code="a">Sys</subfield><subfield code="c">20130306</subfield><subfield code="h">144135</subfield></datafield></record></collection>